@article{KK14,
title = "Real-Time Modelling of Fibrous Muscle",
author = "J. Kohout and M. Kukaƒçka",
journal = "Computer Graphics Forum",
year = "2014",
volume = "33",
number = "8",
pages = "1--15",
DOI = "https://doi.org/10.1111/cgf.12354",
}

@mastersthesis{HOA23,
    author = {HOANG, Duc Long},
    school = {University of West Bohemia, Faculty of Applied Sciences, Department of Computer Science and Engineering}, 
    type = {Bachelor's Thesis},
    title = {Automatic Generation of Internal Fibres of Skeletal Muscles},
    year = {2023},
    address = {Pilsen, Czech Republic},
    note = {Thesis advisor doc. Ing. Josef Kohout, Ph.D}
}

@article{HF06,
    author = {K. Hormann and M. S. Floater},
    journal = {ACM Transactions on Graphics},
    volume = {25},
    number = {4},
    title = {Mean value coordinates for arbitrary planar polygons},
    year = {2006},
    month = {October},
    pages = {1424--1441}
}

@online{OS24,
    title = {OpenSim},
    key = {OpenSim},
    url = {https://simtk.org/projects/opensim},
    publisher = {SimTk},
    date = {2024-11-05},
    label = {OS}
}

@article{Ang+19,
    author = {Baptiste Angles},
    journal = {Proceedings of the ACM on Computer Graphics and Interactive Techniques},
    number = {2},
    title = {VIPER},
    volume = {2},
    pages = {1--26},
    year = {2019},
    DOI = {10.1145/3340260}
}

@article{Kuh55,
    author = {H. W. Kuhn},
    journal = {Naval Research Logistics Quarterly},
    number = {1--2},
    title = {The Hungarian method for the assignment problem},
    volume = {2},
    year = {83--97},
    DOI = {10.1002/nav.3800020109}
}